%YAML 1.1
%TAG !u! tag:unity3d.com,2011:
--- !u!1 &2338297222519931944
GameObject:
  m_ObjectHideFlags: 0
  m_CorrespondingSourceObject: {fileID: 0}
  m_PrefabInstance: {fileID: 0}
  m_PrefabAsset: {fileID: 0}
  serializedVersion: 6
  m_Component:
  - component: {fileID: 2338297222519931949}
  - component: {fileID: 2338297222519931948}
  - component: {fileID: 2338297222519931951}
  - component: {fileID: 2338297222519931950}
  - component: {fileID: 2338297222519931938}
  - component: {fileID: 2338297222519931945}
  - component: {fileID: 2338297222519931939}
  - component: {fileID: 2338297222519931936}
  m_Layer: 9
  m_Name: Objetivo
  m_TagString: Untagged
  m_Icon: {fileID: 0}
  m_NavMeshLayer: 0
  m_StaticEditorFlags: 0
  m_IsActive: 1
--- !u!4 &2338297222519931949
Transform:
  m_ObjectHideFlags: 0
  m_CorrespondingSourceObject: {fileID: 0}
  m_PrefabInstance: {fileID: 0}
  m_PrefabAsset: {fileID: 0}
  m_GameObject: {fileID: 2338297222519931944}
  m_LocalRotation: {x: 0, y: 0, z: 0, w: 1}
  m_LocalPosition: {x: -55161, y: -51, z: 199}
  m_LocalScale: {x: 5287.1895, y: 1, z: 5212.8003}
  m_Children: []
  m_Father: {fileID: 0}
  m_RootOrder: 0
  m_LocalEulerAnglesHint: {x: 0, y: 0, z: 0}
--- !u!114 &2338297222519931948
MonoBehaviour:
  m_ObjectHideFlags: 0
  m_CorrespondingSourceObject: {fileID: 0}
  m_PrefabInstance: {fileID: 0}
  m_PrefabAsset: {fileID: 0}
  m_GameObject: {fileID: 2338297222519931944}
  m_Enabled: 1
  m_EditorHideFlags: 0
  m_Script: {fileID: 11500000, guid: 8233d90336aea43098adf6dbabd606a2, type: 3}
  m_Name: 
  m_EditorClassIdentifier: 
  m_MeshFormatVersion: 1
  m_Faces:
  - m_Indexes: 000000000100000002000000030000000000000002000000
    m_SmoothingGroup: 0
    m_Uv:
      m_UseWorldSpace: 0
      m_FlipU: 0
      m_FlipV: 0
      m_SwapUV: 0
      m_Fill: 1
      m_Scale: {x: 1, y: 1}
      m_Offset: {x: 0, y: 0}
      m_Rotation: 0
      m_Anchor: 9
    m_Material: {fileID: 2100000, guid: c22777d6e868e4f2fb421913386b154e, type: 2}
    m_SubmeshIndex: 0
    m_ManualUV: 0
    elementGroup: 0
    m_TextureGroup: 5
  - m_Indexes: 060000000700000004000000050000000600000004000000
    m_SmoothingGroup: 0
    m_Uv:
      m_UseWorldSpace: 0
      m_FlipU: 0
      m_FlipV: 0
      m_SwapUV: 0
      m_Fill: 1
      m_Scale: {x: 1, y: 1}
      m_Offset: {x: 0, y: 0}
      m_Rotation: 0
      m_Anchor: 9
    m_Material: {fileID: 2100000, guid: c22777d6e868e4f2fb421913386b154e, type: 2}
    m_SubmeshIndex: 0
    m_ManualUV: 0
    elementGroup: 0
    m_TextureGroup: 5
  - m_Indexes: 0b000000090000000a0000000b0000000800000009000000
    m_SmoothingGroup: 0
    m_Uv:
      m_UseWorldSpace: 0
      m_FlipU: 0
      m_FlipV: 0
      m_SwapUV: 0
      m_Fill: 1
      m_Scale: {x: 1, y: 1}
      m_Offset: {x: 0, y: 0}
      m_Rotation: 0
      m_Anchor: 9
    m_Material: {fileID: 2100000, guid: c22777d6e868e4f2fb421913386b154e, type: 2}
    m_SubmeshIndex: 0
    m_ManualUV: 0
    elementGroup: 0
    m_TextureGroup: 6
  - m_Indexes: 0e0000000c0000000d0000000e0000000f0000000c000000
    m_SmoothingGroup: 0
    m_Uv:
      m_UseWorldSpace: 0
      m_FlipU: 0
      m_FlipV: 0
      m_SwapUV: 0
      m_Fill: 1
      m_Scale: {x: 1, y: 1}
      m_Offset: {x: 0, y: 0}
      m_Rotation: 0
      m_Anchor: 9
    m_Material: {fileID: 2100000, guid: c22777d6e868e4f2fb421913386b154e, type: 2}
    m_SubmeshIndex: 0
    m_ManualUV: 0
    elementGroup: 0
    m_TextureGroup: 6
  - m_Indexes: 100000001100000012000000130000001000000012000000
    m_SmoothingGroup: 0
    m_Uv:
      m_UseWorldSpace: 0
      m_FlipU: 0
      m_FlipV: 0
      m_SwapUV: 0
      m_Fill: 1
      m_Scale: {x: 1, y: 1}
      m_Offset: {x: 0, y: 0}
      m_Rotation: 0
      m_Anchor: 9
    m_Material: {fileID: 2100000, guid: c22777d6e868e4f2fb421913386b154e, type: 2}
    m_SubmeshIndex: 0
    m_ManualUV: 0
    elementGroup: 0
    m_TextureGroup: 1
  - m_Indexes: 170000001400000015000000160000001700000015000000
    m_SmoothingGroup: 0
    m_Uv:
      m_UseWorldSpace: 0
      m_FlipU: 0
      m_FlipV: 0
      m_SwapUV: 0
      m_Fill: 1
      m_Scale: {x: 1, y: 1}
      m_Offset: {x: 0, y: 0}
      m_Rotation: 0
      m_Anchor: 9
    m_Material: {fileID: 2100000, guid: c22777d6e868e4f2fb421913386b154e, type: 2}
    m_SubmeshIndex: 0
    m_ManualUV: 0
    elementGroup: 0
    m_TextureGroup: 1
  - m_Indexes: 18000000190000001b000000190000001a0000001b000000
    m_SmoothingGroup: 0
    m_Uv:
      m_UseWorldSpace: 0
      m_FlipU: 0
      m_FlipV: 0
      m_SwapUV: 0
      m_Fill: 1
      m_Scale: {x: 1, y: 1}
      m_Offset: {x: 0, y: 0}
      m_Rotation: 0
      m_Anchor: 9
    m_Material: {fileID: 2100000, guid: c22777d6e868e4f2fb421913386b154e, type: 2}
    m_SubmeshIndex: 0
    m_ManualUV: 0
    elementGroup: 0
    m_TextureGroup: 1
  - m_Indexes: 1f0000001c0000001e0000001c0000001d0000001e000000
    m_SmoothingGroup: 0
    m_Uv:
      m_UseWorldSpace: 0
      m_FlipU: 0
      m_FlipV: 0
      m_SwapUV: 0
      m_Fill: 1
      m_Scale: {x: 1, y: 1}
      m_Offset: {x: 0, y: 0}
      m_Rotation: 0
      m_Anchor: 9
    m_Material: {fileID: 2100000, guid: c22777d6e868e4f2fb421913386b154e, type: 2}
    m_SubmeshIndex: 0
    m_ManualUV: 0
    elementGroup: 0
    m_TextureGroup: 1
  - m_Indexes: 210000002200000023000000210000002300000020000000
    m_SmoothingGroup: 0
    m_Uv:
      m_UseWorldSpace: 0
      m_FlipU: 0
      m_FlipV: 0
      m_SwapUV: 0
      m_Fill: 1
      m_Scale: {x: 1, y: 1}
      m_Offset: {x: 0, y: 0}
      m_Rotation: 0
      m_Anchor: 9
    m_Material: {fileID: 2100000, guid: c22777d6e868e4f2fb421913386b154e, type: 2}
    m_SubmeshIndex: 0
    m_ManualUV: 0
    elementGroup: 0
    m_TextureGroup: 2
  - m_Indexes: 250000002600000027000000250000002700000024000000
    m_SmoothingGroup: 0
    m_Uv:
      m_UseWorldSpace: 0
      m_FlipU: 0
      m_FlipV: 0
      m_SwapUV: 0
      m_Fill: 1
      m_Scale: {x: 1, y: 1}
      m_Offset: {x: 0, y: 0}
      m_Rotation: 0
      m_Anchor: 9
    m_Material: {fileID: 2100000, guid: c22777d6e868e4f2fb421913386b154e, type: 2}
    m_SubmeshIndex: 0
    m_ManualUV: 0
    elementGroup: 0
    m_TextureGroup: 2
  - m_Indexes: 2a00000028000000290000002a0000002b00000028000000
    m_SmoothingGroup: 0
    m_Uv:
      m_UseWorldSpace: 0
      m_FlipU: 0
      m_FlipV: 0
      m_SwapUV: 0
      m_Fill: 1
      m_Scale: {x: 1, y: 1}
      m_Offset: {x: 0, y: 0}
      m_Rotation: 0
      m_Anchor: 9
    m_Material: {fileID: 2100000, guid: c22777d6e868e4f2fb421913386b154e, type: 2}
    m_SubmeshIndex: 0
    m_ManualUV: 0
    elementGroup: 0
    m_TextureGroup: 2
  - m_Indexes: 2e0000002c0000002d0000002e0000002f0000002c000000
    m_SmoothingGroup: 0
    m_Uv:
      m_UseWorldSpace: 0
      m_FlipU: 0
      m_FlipV: 0
      m_SwapUV: 0
      m_Fill: 1
      m_Scale: {x: 1, y: 1}
      m_Offset: {x: 0, y: 0}
      m_Rotation: 0
      m_Anchor: 9
    m_Material: {fileID: 2100000, guid: c22777d6e868e4f2fb421913386b154e, type: 2}
    m_SubmeshIndex: 0
    m_ManualUV: 0
    elementGroup: 0
    m_TextureGroup: 2
  - m_Indexes: 330000003000000032000000300000003100000032000000
    m_SmoothingGroup: 0
    m_Uv:
      m_UseWorldSpace: 0
      m_FlipU: 0
      m_FlipV: 0
      m_SwapUV: 0
      m_Fill: 1
      m_Scale: {x: 1, y: 1}
      m_Offset: {x: 0, y: 0}
      m_Rotation: 0
      m_Anchor: 9
    m_Material: {fileID: 2100000, guid: c22777d6e868e4f2fb421913386b154e, type: 2}
    m_SubmeshIndex: 0
    m_ManualUV: 0
    elementGroup: 0
    m_TextureGroup: -1
  - m_Indexes: 370000003400000035000000370000003500000036000000
    m_SmoothingGroup: 0
    m_Uv:
      m_UseWorldSpace: 0
      m_FlipU: 0
      m_FlipV: 0
      m_SwapUV: 0
      m_Fill: 1
      m_Scale: {x: 1, y: 1}
      m_Offset: {x: 0, y: 0}
      m_Rotation: 0
      m_Anchor: 9
    m_Material: {fileID: 2100000, guid: c22777d6e868e4f2fb421913386b154e, type: 2}
    m_SubmeshIndex: 0
    m_ManualUV: 0
    elementGroup: 0
    m_TextureGroup: -1
  - m_Indexes: 390000003a0000003b000000390000003b00000038000000
    m_SmoothingGroup: 0
    m_Uv:
      m_UseWorldSpace: 0
      m_FlipU: 0
      m_FlipV: 0
      m_SwapUV: 0
      m_Fill: 1
      m_Scale: {x: 1, y: 1}
      m_Offset: {x: 0, y: 0}
      m_Rotation: 0
      m_Anchor: 9
    m_Material: {fileID: 2100000, guid: c22777d6e868e4f2fb421913386b154e, type: 2}
    m_SubmeshIndex: 0
    m_ManualUV: 0
    elementGroup: 0
    m_TextureGroup: 4
  - m_Indexes: 3d0000003e0000003c0000003e0000003f0000003c000000
    m_SmoothingGroup: 0
    m_Uv:
      m_UseWorldSpace: 0
      m_FlipU: 0
      m_FlipV: 0
      m_SwapUV: 0
      m_Fill: 1
      m_Scale: {x: 1, y: 1}
      m_Offset: {x: 0, y: 0}
      m_Rotation: 0
      m_Anchor: 9
    m_Material: {fileID: 2100000, guid: c22777d6e868e4f2fb421913386b154e, type: 2}
    m_SubmeshIndex: 0
    m_ManualUV: 0
    elementGroup: 0
    m_TextureGroup: 4
  - m_Indexes: 400000004100000043000000410000004200000043000000
    m_SmoothingGroup: 0
    m_Uv:
      m_UseWorldSpace: 0
      m_FlipU: 0
      m_FlipV: 0
      m_SwapUV: 0
      m_Fill: 1
      m_Scale: {x: 1, y: 1}
      m_Offset: {x: 0, y: 0}
      m_Rotation: 0
      m_Anchor: 9
    m_Material: {fileID: 2100000, guid: c22777d6e868e4f2fb421913386b154e, type: 2}
    m_SubmeshIndex: 0
    m_ManualUV: 0
    elementGroup: 0
    m_TextureGroup: 5
  - m_Indexes: 440000004500000046000000470000004400000046000000
    m_SmoothingGroup: 0
    m_Uv:
      m_UseWorldSpace: 0
      m_FlipU: 0
      m_FlipV: 0
      m_SwapUV: 0
      m_Fill: 1
      m_Scale: {x: 1, y: 1}
      m_Offset: {x: 0, y: 0}
      m_Rotation: 0
      m_Anchor: 9
    m_Material: {fileID: 2100000, guid: c22777d6e868e4f2fb421913386b154e, type: 2}
    m_SubmeshIndex: 0
    m_ManualUV: 0
    elementGroup: 0
    m_TextureGroup: 5
  - m_Indexes: 48000000490000004b000000490000004a0000004b000000
    m_SmoothingGroup: 0
    m_Uv:
      m_UseWorldSpace: 0
      m_FlipU: 0
      m_FlipV: 0
      m_SwapUV: 0
      m_Fill: 1
      m_Scale: {x: 1, y: 1}
      m_Offset: {x: 0, y: 0}
      m_Rotation: 0
      m_Anchor: 9
    m_Material: {fileID: 2100000, guid: c22777d6e868e4f2fb421913386b154e, type: 2}
    m_SubmeshIndex: 0
    m_ManualUV: 0
    elementGroup: 0
    m_TextureGroup: 5
  - m_Indexes: 4c0000004d0000004e0000004f0000004c0000004e000000
    m_SmoothingGroup: 0
    m_Uv:
      m_UseWorldSpace: 0
      m_FlipU: 0
      m_FlipV: 0
      m_SwapUV: 0
      m_Fill: 1
      m_Scale: {x: 1, y: 1}
      m_Offset: {x: 0, y: 0}
      m_Rotation: 0
      m_Anchor: 9
    m_Material: {fileID: 2100000, guid: c22777d6e868e4f2fb421913386b154e, type: 2}
    m_SubmeshIndex: 0
    m_ManualUV: 0
    elementGroup: 0
    m_TextureGroup: 5
  - m_Indexes: 510000005200000053000000510000005300000050000000
    m_SmoothingGroup: 0
    m_Uv:
      m_UseWorldSpace: 0
      m_FlipU: 0
      m_FlipV: 0
      m_SwapUV: 0
      m_Fill: 1
      m_Scale: {x: 1, y: 1}
      m_Offset: {x: 0, y: 0}
      m_Rotation: 0
      m_Anchor: 9
    m_Material: {fileID: 2100000, guid: c22777d6e868e4f2fb421913386b154e, type: 2}
    m_SubmeshIndex: 0
    m_ManualUV: 0
    elementGroup: 0
    m_TextureGroup: 6
  - m_Indexes: 550000005700000054000000550000005600000057000000
    m_SmoothingGroup: 0
    m_Uv:
      m_UseWorldSpace: 0
      m_FlipU: 0
      m_FlipV: 0
      m_SwapUV: 0
      m_Fill: 1
      m_Scale: {x: 1, y: 1}
      m_Offset: {x: 0, y: 0}
      m_Rotation: 0
      m_Anchor: 9
    m_Material: {fileID: 2100000, guid: c22777d6e868e4f2fb421913386b154e, type: 2}
    m_SubmeshIndex: 0
    m_ManualUV: 0
    elementGroup: 0
    m_TextureGroup: 6
  - m_Indexes: 590000005a0000005b000000590000005b00000058000000
    m_SmoothingGroup: 0
    m_Uv:
      m_UseWorldSpace: 0
      m_FlipU: 0
      m_FlipV: 0
      m_SwapUV: 0
      m_Fill: 1
      m_Scale: {x: 1, y: 1}
      m_Offset: {x: 0, y: 0}
      m_Rotation: 0
      m_Anchor: 9
    m_Material: {fileID: 2100000, guid: c22777d6e868e4f2fb421913386b154e, type: 2}
    m_SubmeshIndex: 0
    m_ManualUV: 0
    elementGroup: 0
    m_TextureGroup: 6
  - m_Indexes: 5d0000005f0000005c0000005d0000005e0000005f000000
    m_SmoothingGroup: 0
    m_Uv:
      m_UseWorldSpace: 0
      m_FlipU: 0
      m_FlipV: 0
      m_SwapUV: 0
      m_Fill: 1
      m_Scale: {x: 1, y: 1}
      m_Offset: {x: 0, y: 0}
      m_Rotation: 0
      m_Anchor: 9
    m_Material: {fileID: 2100000, guid: c22777d6e868e4f2fb421913386b154e, type: 2}
    m_SubmeshIndex: 0
    m_ManualUV: 0
    elementGroup: 0
    m_TextureGroup: 6
  - m_Indexes: 600000006100000062000000600000006200000063000000
    m_SmoothingGroup: 0
    m_Uv:
      m_UseWorldSpace: 0
      m_FlipU: 0
      m_FlipV: 0
      m_SwapUV: 0
      m_Fill: 1
      m_Scale: {x: 1, y: 1}
      m_Offset: {x: 0, y: 0}
      m_Rotation: 0
      m_Anchor: 9
    m_Material: {fileID: 2100000, guid: c22777d6e868e4f2fb421913386b154e, type: 2}
    m_SubmeshIndex: 0
    m_ManualUV: 0
    elementGroup: 0
    m_TextureGroup: -1
  - m_Indexes: 640000006500000066000000640000006600000067000000
    m_SmoothingGroup: 0
    m_Uv:
      m_UseWorldSpace: 0
      m_FlipU: 0
      m_FlipV: 0
      m_SwapUV: 0
      m_Fill: 1
      m_Scale: {x: 1, y: 1}
      m_Offset: {x: 0, y: 0}
      m_Rotation: 0
      m_Anchor: 9
    m_Material: {fileID: 2100000, guid: c22777d6e868e4f2fb421913386b154e, type: 2}
    m_SubmeshIndex: 0
    m_ManualUV: 0
    elementGroup: 0
    m_TextureGroup: -1
  - m_Indexes: 68000000690000006a0000006b000000680000006a000000
    m_SmoothingGroup: 0
    m_Uv:
      m_UseWorldSpace: 0
      m_FlipU: 0
      m_FlipV: 0
      m_SwapUV: 0
      m_Fill: 1
      m_Scale: {x: 1, y: 1}
      m_Offset: {x: 0, y: 0}
      m_Rotation: 0
      m_Anchor: 9
    m_Material: {fileID: 2100000, guid: c22777d6e868e4f2fb421913386b154e, type: 2}
    m_SubmeshIndex: 0
    m_ManualUV: 0
    elementGroup: 0
    m_TextureGroup: -1
  - m_Indexes: 6f0000006c0000006d0000006e0000006f0000006d000000
    m_SmoothingGroup: 0
    m_Uv:
      m_UseWorldSpace: 0
      m_FlipU: 0
      m_FlipV: 0
      m_SwapUV: 0
      m_Fill: 1
      m_Scale: {x: 1, y: 1}
      m_Offset: {x: 0, y: 0}
      m_Rotation: 0
      m_Anchor: 9
    m_Material: {fileID: 2100000, guid: c22777d6e868e4f2fb421913386b154e, type: 2}
    m_SubmeshIndex: 0
    m_ManualUV: 0
    elementGroup: 0
    m_TextureGroup: -1
  - m_Indexes: 700000007100000073000000710000007200000073000000
    m_SmoothingGroup: 0
    m_Uv:
      m_UseWorldSpace: 0
      m_FlipU: 0
      m_FlipV: 0
      m_SwapUV: 0
      m_Fill: 1
      m_Scale: {x: 1, y: 1}
      m_Offset: {x: 0, y: 0}
      m_Rotation: 0
      m_Anchor: 9
    m_Material: {fileID: 2100000, guid: c22777d6e868e4f2fb421913386b154e, type: 2}
    m_SubmeshIndex: 0
    m_ManualUV: 0
    elementGroup: 0
    m_TextureGroup: 4
  - m_Indexes: 740000007500000077000000750000007600000077000000
    m_SmoothingGroup: 0
    m_Uv:
      m_UseWorldSpace: 0
      m_FlipU: 0
      m_FlipV: 0
      m_SwapUV: 0
      m_Fill: 1
      m_Scale: {x: 1, y: 1}
      m_Offset: {x: 0, y: 0}
      m_Rotation: 0
      m_Anchor: 9
    m_Material: {fileID: 2100000, guid: c22777d6e868e4f2fb421913386b154e, type: 2}
    m_SubmeshIndex: 0
    m_ManualUV: 0
    elementGroup: 0
    m_TextureGroup: 4
  - m_Indexes: 7a00000078000000790000007a0000007b00000078000000
    m_SmoothingGroup: 0
    m_Uv:
      m_UseWorldSpace: 0
      m_FlipU: 0
      m_FlipV: 0
      m_SwapUV: 0
      m_Fill: 1
      m_Scale: {x: 1, y: 1}
      m_Offset: {x: 0, y: 0}
      m_Rotation: 0
      m_Anchor: 9
    m_Material: {fileID: 2100000, guid: c22777d6e868e4f2fb421913386b154e, type: 2}
    m_SubmeshIndex: 0
    m_ManualUV: 0
    elementGroup: 0
    m_TextureGroup: 4
  - m_Indexes: 7e0000007c0000007d0000007e0000007f0000007c000000
    m_SmoothingGroup: 0
    m_Uv:
      m_UseWorldSpace: 0
      m_FlipU: 0
      m_FlipV: 0
      m_SwapUV: 0
      m_Fill: 1
      m_Scale: {x: 1, y: 1}
      m_Offset: {x: 0, y: 0}
      m_Rotation: 0
      m_Anchor: 9
    m_Material: {fileID: 2100000, guid: c22777d6e868e4f2fb421913386b154e, type: 2}
    m_SubmeshIndex: 0
    m_ManualUV: 0
    elementGroup: 0
    m_TextureGroup: 4
  - m_Indexes: 820000008300000080000000820000008000000081000000
    m_SmoothingGroup: 0
    m_Uv:
      m_UseWorldSpace: 0
      m_FlipU: 0
      m_FlipV: 0
      m_SwapUV: 0
      m_Fill: 1
      m_Scale: {x: 1, y: 1}
      m_Offset: {x: 0, y: 0}
      m_Rotation: 0
      m_Anchor: 9
    m_Material: {fileID: 2100000, guid: c22777d6e868e4f2fb421913386b154e, type: 2}
    m_SubmeshIndex: 0
    m_ManualUV: 0
    elementGroup: 0
    m_TextureGroup: 3
  - m_Indexes: 850000008600000087000000850000008700000084000000
    m_SmoothingGroup: 0
    m_Uv:
      m_UseWorldSpace: 0
      m_FlipU: 0
      m_FlipV: 0
      m_SwapUV: 0
      m_Fill: 1
      m_Scale: {x: 1, y: 1}
      m_Offset: {x: 0, y: 0}
      m_Rotation: 0
      m_Anchor: 9
    m_Material: {fileID: 2100000, guid: c22777d6e868e4f2fb421913386b154e, type: 2}
    m_SubmeshIndex: 0
    m_ManualUV: 0
    elementGroup: 0
    m_TextureGroup: 3
  - m_Indexes: 8b000000890000008a0000008b0000008800000089000000
    m_SmoothingGroup: 0
    m_Uv:
      m_UseWorldSpace: 0
      m_FlipU: 0
      m_FlipV: 0
      m_SwapUV: 0
      m_Fill: 1
      m_Scale: {x: 1, y: 1}
      m_Offset: {x: 0, y: 0}
      m_Rotation: 0
      m_Anchor: 9
    m_Material: {fileID: 2100000, guid: c22777d6e868e4f2fb421913386b154e, type: 2}
    m_SubmeshIndex: 0
    m_ManualUV: 0
    elementGroup: 0
    m_TextureGroup: -1
  - m_Indexes: 8e0000008c0000008d0000008e0000008f0000008c000000
    m_SmoothingGroup: 0
    m_Uv:
      m_UseWorldSpace: 0
      m_FlipU: 0
      m_FlipV: 0
      m_SwapUV: 0
      m_Fill: 1
      m_Scale: {x: 1, y: 1}
      m_Offset: {x: 0, y: 0}
      m_Rotation: 0
      m_Anchor: 9
    m_Material: {fileID: 2100000, guid: c22777d6e868e4f2fb421913386b154e, type: 2}
    m_SubmeshIndex: 0
    m_ManualUV: 0
    elementGroup: 0
    m_TextureGroup: 7
  - m_Indexes: 900000009100000093000000930000009100000092000000
    m_SmoothingGroup: 0
    m_Uv:
      m_UseWorldSpace: 0
      m_FlipU: 0
      m_FlipV: 0
      m_SwapUV: 0
      m_Fill: 1
      m_Scale: {x: 1, y: 1}
      m_Offset: {x: 0, y: 0}
      m_Rotation: 0
      m_Anchor: 9
    m_Material: {fileID: 2100000, guid: c22777d6e868e4f2fb421913386b154e, type: 2}
    m_SubmeshIndex: 0
    m_ManualUV: 0
    elementGroup: 0
    m_TextureGroup: 8
  - m_Indexes: 970000009400000096000000960000009400000095000000
    m_SmoothingGroup: 0
    m_Uv:
      m_UseWorldSpace: 0
      m_FlipU: 0
      m_FlipV: 0
      m_SwapUV: 0
      m_Fill: 1
      m_Scale: {x: 1, y: 1}
      m_Offset: {x: 0, y: 0}
      m_Rotation: 0
      m_Anchor: 9
    m_Material: {fileID: 2100000, guid: c22777d6e868e4f2fb421913386b154e, type: 2}
    m_SubmeshIndex: 0
    m_ManualUV: 0
    elementGroup: 0
    m_TextureGroup: 8
  - m_Indexes: 9a0000009b00000099000000990000009b00000098000000
    m_SmoothingGroup: 0
    m_Uv:
      m_UseWorldSpace: 0
      m_FlipU: 0
      m_FlipV: 0
      m_SwapUV: 0
      m_Fill: 1
      m_Scale: {x: 1, y: 1}
      m_Offset: {x: 0, y: 0}
      m_Rotation: 0
      m_Anchor: 9
    m_Material: {fileID: 2100000, guid: c22777d6e868e4f2fb421913386b154e, type: 2}
    m_SubmeshIndex: 0
    m_ManualUV: 0
    elementGroup: 0
    m_TextureGroup: 9
  - m_Indexes: 9f0000009c0000009e0000009e0000009c0000009d000000
    m_SmoothingGroup: 0
    m_Uv:
      m_UseWorldSpace: 0
      m_FlipU: 0
      m_FlipV: 0
      m_SwapUV: 0
      m_Fill: 1
      m_Scale: {x: 1, y: 1}
      m_Offset: {x: 0, y: 0}
      m_Rotation: 0
      m_Anchor: 9
    m_Material: {fileID: 2100000, guid: c22777d6e868e4f2fb421913386b154e, type: 2}
    m_SubmeshIndex: 0
    m_ManualUV: 0
    elementGroup: 0
    m_TextureGroup: 10
  - m_Indexes: a2000000a3000000a1000000a1000000a3000000a0000000
    m_SmoothingGroup: 0
    m_Uv:
      m_UseWorldSpace: 0
      m_FlipU: 0
      m_FlipV: 0
      m_SwapUV: 0
      m_Fill: 1
      m_Scale: {x: 1, y: 1}
      m_Offset: {x: 0, y: 0}
      m_Rotation: 0
      m_Anchor: 9
    m_Material: {fileID: 2100000, guid: c22777d6e868e4f2fb421913386b154e, type: 2}
    m_SubmeshIndex: 0
    m_ManualUV: 0
    elementGroup: 0
    m_TextureGroup: 10
  - m_Indexes: a7000000a4000000a6000000a6000000a4000000a5000000
    m_SmoothingGroup: 0
    m_Uv:
      m_UseWorldSpace: 0
      m_FlipU: 0
      m_FlipV: 0
      m_SwapUV: 0
      m_Fill: 1
      m_Scale: {x: 1, y: 1}
      m_Offset: {x: 0, y: 0}
      m_Rotation: 0
      m_Anchor: 9
    m_Material: {fileID: 2100000, guid: c22777d6e868e4f2fb421913386b154e, type: 2}
    m_SubmeshIndex: 0
    m_ManualUV: 0
    elementGroup: 0
    m_TextureGroup: 11
  - m_Indexes: a8000000a9000000ab000000a9000000aa000000ab000000
    m_SmoothingGroup: 0
    m_Uv:
      m_UseWorldSpace: 0
      m_FlipU: 0
      m_FlipV: 0
      m_SwapUV: 0
      m_Fill: 1
      m_Scale: {x: 1, y: 1}
      m_Offset: {x: 0, y: 0}
      m_Rotation: 0
      m_Anchor: 9
    m_Material: {fileID: 2100000, guid: c22777d6e868e4f2fb421913386b154e, type: 2}
    m_SubmeshIndex: 0
    m_ManualUV: 0
    elementGroup: 0
    m_TextureGroup: 12
  - m_Indexes: af000000ac000000ae000000ac000000ad000000ae000000
    m_SmoothingGroup: 0
    m_Uv:
      m_UseWorldSpace: 0
      m_FlipU: 0
      m_FlipV: 0
      m_SwapUV: 0
      m_Fill: 1
      m_Scale: {x: 1, y: 1}
      m_Offset: {x: 0, y: 0}
      m_Rotation: 0
      m_Anchor: 9
    m_Material: {fileID: 2100000, guid: c22777d6e868e4f2fb421913386b154e, type: 2}
    m_SubmeshIndex: 0
    m_ManualUV: 0
    elementGroup: 0
    m_TextureGroup: 12
  - m_Indexes: b3000000b0000000b2000000b0000000b1000000b2000000
    m_SmoothingGroup: 0
    m_Uv:
      m_UseWorldSpace: 0
      m_FlipU: 0
      m_FlipV: 0
      m_SwapUV: 0
      m_Fill: 1
      m_Scale: {x: 1, y: 1}
      m_Offset: {x: 0, y: 0}
      m_Rotation: 0
      m_Anchor: 9
    m_Material: {fileID: 2100000, guid: c22777d6e868e4f2fb421913386b154e, type: 2}
    m_SubmeshIndex: 0
    m_ManualUV: 0
    elementGroup: 0
    m_TextureGroup: 13
  - m_Indexes: b6000000b7000000b5000000b7000000b4000000b5000000
    m_SmoothingGroup: 0
    m_Uv:
      m_UseWorldSpace: 0
      m_FlipU: 0
      m_FlipV: 0
      m_SwapUV: 0
      m_Fill: 1
      m_Scale: {x: 1, y: 1}
      m_Offset: {x: 0, y: 0}
      m_Rotation: 0
      m_Anchor: 9
    m_Material: {fileID: 2100000, guid: c22777d6e868e4f2fb421913386b154e, type: 2}
    m_SubmeshIndex: 0
    m_ManualUV: 0
    elementGroup: 0
    m_TextureGroup: 13
  - m_Indexes: b8000000b9000000ba000000bb000000b8000000ba000000
    m_SmoothingGroup: 0
    m_Uv:
      m_UseWorldSpace: 0
      m_FlipU: 0
      m_FlipV: 0
      m_SwapUV: 0
      m_Fill: 1
      m_Scale: {x: 1, y: 1}
      m_Offset: {x: 0, y: 0}
      m_Rotation: 0
      m_Anchor: 9
    m_Material: {fileID: 2100000, guid: c22777d6e868e4f2fb421913386b154e, type: 2}
    m_SubmeshIndex: 0
    m_ManualUV: 0
    elementGroup: 0
    m_TextureGroup: 14
  - m_Indexes: bf000000bc000000bd000000be000000bf000000bd000000
    m_SmoothingGroup: 0
    m_Uv:
      m_UseWorldSpace: 0
      m_FlipU: 0
      m_FlipV: 0
      m_SwapUV: 0
      m_Fill: 1
      m_Scale: {x: 1, y: 1}
      m_Offset: {x: 0, y: 0}
      m_Rotation: 0
      m_Anchor: 9
    m_Material: {fileID: 2100000, guid: c22777d6e868e4f2fb421913386b154e, type: 2}
    m_SubmeshIndex: 0
    m_ManualUV: 0
    elementGroup: 0
    m_TextureGroup: 14
  - m_Indexes: c3000000c0000000c1000000c3000000c1000000c2000000
    m_SmoothingGroup: 0
    m_Uv:
      m_UseWorldSpace: 0
      m_FlipU: 0
      m_FlipV: 0
      m_SwapUV: 0
      m_Fill: 1
      m_Scale: {x: 1, y: 1}
      m_Offset: {x: 0, y: 0}
      m_Rotation: 0
      m_Anchor: 9
    m_Material: {fileID: 2100000, guid: c22777d6e868e4f2fb421913386b154e, type: 2}
    m_SubmeshIndex: 0
    m_ManualUV: 0
    elementGroup: 0
    m_TextureGroup: 15
  - m_Indexes: c6000000c7000000c4000000c6000000c4000000c5000000
    m_SmoothingGroup: 0
    m_Uv:
      m_UseWorldSpace: 0
      m_FlipU: 0
      m_FlipV: 0
      m_SwapUV: 0
      m_Fill: 1
      m_Scale: {x: 1, y: 1}
      m_Offset: {x: 0, y: 0}
      m_Rotation: 0
      m_Anchor: 9
    m_Material: {fileID: 2100000, guid: c22777d6e868e4f2fb421913386b154e, type: 2}
    m_SubmeshIndex: 0
    m_ManualUV: 0
    elementGroup: 0
    m_TextureGroup: 15
  - m_Indexes: c8000000c9000000ca000000c9000000cb000000ca000000
    m_SmoothingGroup: 0
    m_Uv:
      m_UseWorldSpace: 0
      m_FlipU: 0
      m_FlipV: 0
      m_SwapUV: 0
      m_Fill: 1
      m_Scale: {x: 1, y: 1}
      m_Offset: {x: 0, y: 0}
      m_Rotation: 0
      m_Anchor: 9
    m_Material: {fileID: 0}
    m_SubmeshIndex: 0
    m_ManualUV: 0
    elementGroup: -1
    m_TextureGroup: -1
  - m_Indexes: cc000000cd000000ce000000cd000000cf000000ce000000
    m_SmoothingGroup: 0
    m_Uv:
      m_UseWorldSpace: 0
      m_FlipU: 0
      m_FlipV: 0
      m_SwapUV: 0
      m_Fill: 1
      m_Scale: {x: 1, y: 1}
      m_Offset: {x: 0, y: 0}
      m_Rotation: 0
      m_Anchor: 9
    m_Material: {fileID: 0}
    m_SubmeshIndex: 0
    m_ManualUV: 0
    elementGroup: -1
    m_TextureGroup: -1
  - m_Indexes: d0000000d1000000d2000000d1000000d3000000d2000000
    m_SmoothingGroup: 0
    m_Uv:
      m_UseWorldSpace: 0
      m_FlipU: 0
      m_FlipV: 0
      m_SwapUV: 0
      m_Fill: 1
      m_Scale: {x: 1, y: 1}
      m_Offset: {x: 0, y: 0}
      m_Rotation: 0
      m_Anchor: 9
    m_Material: {fileID: 0}
    m_SubmeshIndex: 0
    m_ManualUV: 0
    elementGroup: -1
    m_TextureGroup: -1
  - m_Indexes: d4000000d5000000d6000000d5000000d7000000d6000000
    m_SmoothingGroup: 0
    m_Uv:
      m_UseWorldSpace: 0
      m_FlipU: 0
      m_FlipV: 0
      m_SwapUV: 0
      m_Fill: 1
      m_Scale: {x: 1, y: 1}
      m_Offset: {x: 0, y: 0}
      m_Rotation: 0
      m_Anchor: 9
    m_Material: {fileID: 0}
    m_SubmeshIndex: 0
    m_ManualUV: 0
    elementGroup: -1
    m_TextureGroup: -1
  m_SharedVertices:
  - m_Vertices: 00000000190000003d000000
  - m_Vertices: 010000003c000000400000007d000000
  - m_Vertices: 02000000070000004300000048000000
  - m_Vertices: 03000000060000001a0000001c000000
  - m_Vertices: 040000004b000000c1000000
  - m_Vertices: 050000001d000000a9000000c0000000
  - m_Vertices: 080000003b0000005000000070000000
  - m_Vertices: 09000000100000003a000000
  - m_Vertices: 0a0000000c0000001300000017000000
  - m_Vertices: 0b0000000f0000005100000058000000
  - m_Vertices: 0d00000016000000b1000000b8000000
  - m_Vertices: 0e000000590000009d000000b0000000
  - m_Vertices: 1100000018000000390000003e000000
  - m_Vertices: 12000000140000001b0000001f000000
  - m_Vertices: 150000001e000000a8000000b9000000
  - m_Vertices: 200000002b000000760000007b000000
  - m_Vertices: 21000000240000002a0000002f000000
  - m_Vertices: 2200000027000000460000004d000000
  - m_Vertices: 230000004500000078000000
  - m_Vertices: 250000002e00000081000000d1000000d4000000
  - m_Vertices: 88000000d3000000d6000000
  - m_Vertices: 260000004e0000008000000091000000
  - m_Vertices: 280000005600000075000000
  - m_Vertices: 290000002c000000550000005e000000
  - m_Vertices: 2d0000005d000000c8000000d5000000
  - m_Vertices: 89000000ca000000d7000000
  - m_Vertices: 3000000063000000a1000000b6000000
  - m_Vertices: 31000000b5000000be000000
  - m_Vertices: 3200000035000000ae000000bd000000
  - m_Vertices: 3300000034000000600000006d000000
  - m_Vertices: 36000000ad000000c6000000
  - m_Vertices: 370000006e000000a6000000c5000000
  - m_Vertices: 380000003f000000730000007e000000
  - m_Vertices: 4100000044000000790000007c000000
  - m_Vertices: 4200000047000000490000004c000000
  - m_Vertices: 4a0000004f00000090000000
  - m_Vertices: 52000000540000005b0000005f000000
  - m_Vertices: 53000000570000007100000074000000
  - m_Vertices: 5a0000005c0000009c000000
  - m_Vertices: 61000000640000006a0000006c000000
  - m_Vertices: 620000006700000099000000a2000000
  - m_Vertices: 6500000069000000850000008e000000
  - m_Vertices: 660000008d0000009a000000
  - m_Vertices: 680000008600000095000000
  - m_Vertices: 6b0000006f00000096000000a5000000
  - m_Vertices: 72000000770000007a0000007f000000
  - m_Vertices: 82000000840000008f000000cd000000d0000000
  - m_Vertices: 8b000000cf000000d2000000
  - m_Vertices: 83000000870000009200000094000000
  - m_Vertices: 8a000000cb000000ce000000
  - m_Vertices: 8c0000009b000000c9000000cc000000
  - m_Vertices: 9300000097000000a4000000
  - m_Vertices: 980000009f000000a3000000
  - m_Vertices: 9e000000a0000000b3000000b7000000
  - m_Vertices: a7000000c2000000c4000000
  - m_Vertices: aa000000ac000000c3000000c7000000
  - m_Vertices: ab000000af000000ba000000bc000000
  - m_Vertices: b2000000b4000000bb000000bf000000
  m_SharedTextures: []
  m_Positions:
  - {x: 1, y: 0, z: 0}
  - {x: 1, y: 0, z: -0.42322224}
  - {x: 1, y: 0.5, z: -0.42322224}
  - {x: 1, y: 0.5, z: 0}
  - {x: 1, y: 1, z: -0.42322224}
  - {x: 1, y: 1, z: 0}
  - {x: 1, y: 0.5, z: 0}
  - {x: 1, y: 0.5, z: -0.42322224}
  - {x: -0.0000000638247, y: 0, z: -0.42322224}
  - {x: 0, y: 0, z: 0}
  - {x: 0, y: 0.5, z: 0}
  - {x: -0.0000000638247, y: 0.5, z: -0.42322224}
  - {x: 0, y: 0.5, z: 0}
  - {x: 0, y: 1, z: 0}
  - {x: -0.0000000638247, y: 1, z: -0.42322224}
  - {x: -0.0000000638247, y: 0.5, z: -0.42322224}
  - {x: 0, y: 0, z: 0}
  - {x: 0.9393333, y: 0, z: 0.000000005646143}
  - {x: 0.9393333, y: 0.5, z: 0.000000005646143}
  - {x: 0, y: 0.5, z: 0}
  - {x: 0.9393333, y: 0.5, z: 0.000000005646143}
  - {x: 0.9393333, y: 1, z: 0.000000005646143}
  - {x: 0, y: 1, z: 0}
  - {x: 0, y: 0.5, z: 0}
  - {x: 0.9393333, y: 0, z: 0.000000005646143}
  - {x: 1, y: 0, z: 0}
  - {x: 1, y: 0.5, z: 0}
  - {x: 0.9393333, y: 0.5, z: 0.000000005646143}
  - {x: 1, y: 0.5, z: 0}
  - {x: 1, y: 1, z: 0}
  - {x: 0.9393333, y: 1, z: 0.000000005646143}
  - {x: 0.9393333, y: 0.5, z: 0.000000005646143}
  - {x: 0.9393333, y: 0, z: -1.0000002}
  - {x: 0.9393333, y: 0.5, z: -1.0000002}
  - {x: 1, y: 0.5, z: -1}
  - {x: 1, y: 0, z: -1}
  - {x: 0.9393333, y: 0.5, z: -1.0000002}
  - {x: 0.9393333, y: 1, z: -1.0000002}
  - {x: 1, y: 1, z: -1}
  - {x: 1, y: 0.5, z: -1}
  - {x: 0, y: 0, z: -1}
  - {x: 0, y: 0.5, z: -1}
  - {x: 0.9393333, y: 0.5, z: -1.0000002}
  - {x: 0.9393333, y: 0, z: -1.0000002}
  - {x: 0, y: 0.5, z: -1}
  - {x: 0, y: 1, z: -1}
  - {x: 0.9393333, y: 1, z: -1.0000002}
  - {x: 0.9393333, y: 0.5, z: -1.0000002}
  - {x: -0.0000000638247, y: 2370, z: -0.4232223}
  - {x: -0.0000000638247, y: 2370, z: 0.000000005646143}
  - {x: 0.9393333, y: 2370, z: 0.000000005646143}
  - {x: 0.9393333, y: 2370, z: -0.42322242}
  - {x: 0.9393333, y: 2370, z: -0.42322242}
  - {x: 0.9393333, y: 2370, z: 0.000000005646143}
  - {x: 1, y: 2370, z: 0.000000005646143}
  - {x: 1, y: 2370, z: -0.4232223}
  - {x: 0.9393333, y: 0, z: -0.42322236}
  - {x: 0.9393333, y: 0, z: 0.000000005646143}
  - {x: 0, y: 0, z: 0}
  - {x: -0.0000000638247, y: 0, z: -0.42322224}
  - {x: 1, y: 0, z: -0.42322224}
  - {x: 1, y: 0, z: 0}
  - {x: 0.9393333, y: 0, z: 0.000000005646143}
  - {x: 0.9393333, y: 0, z: -0.42322236}
  - {x: 1, y: 0, z: -0.42322224}
  - {x: 1, y: 0, z: -0.5931111}
  - {x: 1, y: 0.5, z: -0.5931111}
  - {x: 1, y: 0.5, z: -0.42322224}
  - {x: 1, y: 0, z: -0.5931111}
  - {x: 1, y: 0, z: -1}
  - {x: 1, y: 0.5, z: -1}
  - {x: 1, y: 0.5, z: -0.5931111}
  - {x: 1, y: 0.5, z: -0.42322224}
  - {x: 1, y: 0.5, z: -0.5931111}
  - {x: 1, y: 1, z: -0.5931111}
  - {x: 1, y: 1, z: -0.42322224}
  - {x: 1, y: 0.5, z: -0.5931111}
  - {x: 1, y: 0.5, z: -1}
  - {x: 1, y: 1, z: -1}
  - {x: 1, y: 1, z: -0.5931111}
  - {x: -0.0000000638247, y: 0, z: -0.42322224}
  - {x: -0.0000000638247, y: 0.5, z: -0.42322224}
  - {x: -0.0000000638247, y: 0.5, z: -0.5931111}
  - {x: -0.0000000638247, y: 0, z: -0.5931111}
  - {x: -0.0000000638247, y: 0.5, z: -0.5931111}
  - {x: 0, y: 0.5, z: -1}
  - {x: 0, y: 0, z: -1}
  - {x: -0.0000000638247, y: 0, z: -0.5931111}
  - {x: -0.0000000638247, y: 0.5, z: -0.42322224}
  - {x: -0.0000000638247, y: 1, z: -0.42322224}
  - {x: -0.0000000638247, y: 1, z: -0.5931111}
  - {x: -0.0000000638247, y: 0.5, z: -0.5931111}
  - {x: -0.0000000638247, y: 1, z: -0.5931111}
  - {x: 0, y: 1, z: -1}
  - {x: 0, y: 0.5, z: -1}
  - {x: -0.0000000638247, y: 0.5, z: -0.5931111}
  - {x: 0.9393333, y: 2370, z: -0.42322242}
  - {x: 0.9393333, y: 2370, z: -0.59311134}
  - {x: -0.0000000638247, y: 2370, z: -0.5931112}
  - {x: -0.0000000638247, y: 2370, z: -0.4232223}
  - {x: 0.9393333, y: 2370, z: -0.59311134}
  - {x: 0.9393333, y: 2370, z: -1.0000002}
  - {x: -0.0000000638247, y: 2370, z: -1.0000002}
  - {x: -0.0000000638247, y: 2370, z: -0.5931112}
  - {x: 1, y: 2370, z: -1.0000002}
  - {x: 0.9393333, y: 2370, z: -1.0000002}
  - {x: 0.9393333, y: 2370, z: -0.59311134}
  - {x: 1, y: 2370, z: -0.5931112}
  - {x: 0.9393333, y: 2370, z: -0.59311134}
  - {x: 0.9393333, y: 2370, z: -0.42322242}
  - {x: 1, y: 2370, z: -0.4232223}
  - {x: 1, y: 2370, z: -0.5931112}
  - {x: -0.0000000638247, y: 0, z: -0.42322224}
  - {x: -0.0000000638247, y: 0, z: -0.5931111}
  - {x: 0.9393333, y: 0, z: -0.5931112}
  - {x: 0.9393333, y: 0, z: -0.42322236}
  - {x: -0.0000000638247, y: 0, z: -0.5931111}
  - {x: 0, y: 0, z: -1}
  - {x: 0.9393333, y: 0, z: -1.0000002}
  - {x: 0.9393333, y: 0, z: -0.5931112}
  - {x: 1, y: 0, z: -1}
  - {x: 1, y: 0, z: -0.5931111}
  - {x: 0.9393333, y: 0, z: -0.5931112}
  - {x: 0.9393333, y: 0, z: -1.0000002}
  - {x: 1, y: 0, z: -0.5931111}
  - {x: 1, y: 0, z: -0.42322224}
  - {x: 0.9393333, y: 0, z: -0.42322236}
  - {x: 0.9393333, y: 0, z: -0.5931112}
  - {x: 1, y: 1, z: -1}
  - {x: 0.9393333, y: 1, z: -1.0000002}
  - {x: 0.9393327, y: 1468, z: -1.0000002}
  - {x: 0.99999946, y: 1468, z: -1.0000001}
  - {x: 0.9393327, y: 1468, z: -1.0000002}
  - {x: 0.9393333, y: 2370, z: -1.0000002}
  - {x: 1, y: 2370, z: -1.0000002}
  - {x: 0.99999946, y: 1468, z: -1.0000001}
  - {x: 0.9393327, y: 1, z: -0.7101751}
  - {x: -0.0000003083842, y: 1, z: -0.71017474}
  - {x: -0.0000003083842, y: 1468, z: -0.7101749}
  - {x: 0.9393327, y: 1468, z: -0.7101751}
  - {x: -0.0000003083842, y: 1468, z: -1.0000001}
  - {x: -0.0000000638247, y: 2370, z: -1.0000002}
  - {x: 0.9393333, y: 2370, z: -1.0000002}
  - {x: 0.9393327, y: 1468, z: -1.0000002}
  - {x: 1, y: 1, z: -0.5931111}
  - {x: 1, y: 1, z: -1}
  - {x: 0.99999946, y: 1468, z: -1.0000001}
  - {x: 0.99999946, y: 1468, z: -0.59311116}
  - {x: 0.99999946, y: 1468, z: -1.0000001}
  - {x: 1, y: 2370, z: -1.0000002}
  - {x: 1, y: 2370, z: -0.5931112}
  - {x: 0.99999946, y: 1468, z: -0.59311116}
  - {x: -0.0000003083842, y: 1468, z: -0.59311116}
  - {x: -0.0000000638247, y: 2370, z: -0.5931112}
  - {x: -0.0000000638247, y: 2370, z: -1.0000002}
  - {x: -0.0000003083842, y: 1468, z: -1.0000001}
  - {x: -0.0000000638247, y: 1, z: -0.5931111}
  - {x: -0.0000000638247, y: 1, z: -0.42322224}
  - {x: -0.0000003083842, y: 1468, z: -0.42322224}
  - {x: -0.0000003083842, y: 1468, z: -0.59311116}
  - {x: -0.0000003083842, y: 1468, z: -0.42322224}
  - {x: -0.0000000638247, y: 2370, z: -0.4232223}
  - {x: -0.0000000638247, y: 2370, z: -0.5931112}
  - {x: -0.0000003083842, y: 1468, z: -0.59311116}
  - {x: 0.99999946, y: 1468, z: -0.59311116}
  - {x: 1, y: 2370, z: -0.5931112}
  - {x: 1, y: 2370, z: -0.4232223}
  - {x: 0.99999946, y: 1468, z: -0.42322224}
  - {x: 0.9393333, y: 1, z: 0.000000005646143}
  - {x: 1, y: 1, z: 0}
  - {x: 0.99999946, y: 1468, z: -0.0000000057480065}
  - {x: 0.9393327, y: 1468, z: -0.0000000057480065}
  - {x: 0.99999946, y: 1468, z: -0.0000000057480065}
  - {x: 1, y: 2370, z: 0.000000005646143}
  - {x: 0.9393333, y: 2370, z: 0.000000005646143}
  - {x: 0.9393327, y: 1468, z: -0.0000000057480065}
  - {x: -0.0000000638247, y: 1, z: -0.42322224}
  - {x: 0, y: 1, z: 0}
  - {x: -0.0000003083842, y: 1468, z: -0.0000000057480065}
  - {x: -0.0000003083842, y: 1468, z: -0.42322224}
  - {x: -0.0000003083842, y: 1468, z: -0.0000000057480065}
  - {x: -0.0000000638247, y: 2370, z: 0.000000005646143}
  - {x: -0.0000000638247, y: 2370, z: -0.4232223}
  - {x: -0.0000003083842, y: 1468, z: -0.42322224}
  - {x: 0, y: 1, z: 0}
  - {x: 0.9393333, y: 1, z: 0.000000005646143}
  - {x: 0.9393327, y: 1468, z: -0.0000000057480065}
  - {x: -0.0000003083842, y: 1468, z: -0.0000000057480065}
  - {x: 0.9393327, y: 1468, z: -0.0000000057480065}
  - {x: 0.9393333, y: 2370, z: 0.000000005646143}
  - {x: -0.0000000638247, y: 2370, z: 0.000000005646143}
  - {x: -0.0000003083842, y: 1468, z: -0.0000000057480065}
  - {x: 1, y: 1, z: 0}
  - {x: 1, y: 1, z: -0.42322224}
  - {x: 0.99999946, y: 1468, z: -0.42322224}
  - {x: 0.99999946, y: 1468, z: -0.0000000057480065}
  - {x: 0.99999946, y: 1468, z: -0.42322224}
  - {x: 1, y: 2370, z: -0.4232223}
  - {x: 1, y: 2370, z: 0.000000005646143}
  - {x: 0.99999946, y: 1468, z: -0.0000000057480065}
  - {x: 0, y: 1, z: -1}
  - {x: -0.0000003083842, y: 1468, z: -1.0000001}
  - {x: -0.0000003083842, y: 1, z: -0.71017474}
  - {x: -0.0000003083842, y: 1468, z: -0.7101749}
  - {x: -0.0000003083842, y: 1468, z: -1.0000001}
  - {x: 0.9393327, y: 1468, z: -1.0000002}
  - {x: -0.0000003083842, y: 1468, z: -0.7101749}
  - {x: 0.9393327, y: 1468, z: -0.7101751}
  - {x: 0.9393327, y: 1468, z: -1.0000002}
  - {x: 0.9393333, y: 1, z: -1.0000002}
  - {x: 0.9393327, y: 1468, z: -0.7101751}
  - {x: 0.9393327, y: 1, z: -0.7101751}
  - {x: 0.9393333, y: 1, z: -1.0000002}
  - {x: 0, y: 1, z: -1}
  - {x: 0.9393327, y: 1, z: -0.7101751}
  - {x: -0.0000003083842, y: 1, z: -0.71017474}
  m_Textures0:
  - {x: 0, y: 0}
  - {x: -0.42322224, y: 0}
  - {x: -0.42322224, y: 0.5}
  - {x: 0, y: 0.5}
  - {x: -0.42322224, y: 1}
  - {x: 0, y: 1}
  - {x: 0, y: 0.5}
  - {x: -0.42322224, y: 0.5}
  - {x: 0.42322224, y: 0}
  - {x: 0, y: 0}
  - {x: 0, y: 0.5}
  - {x: 0.42322224, y: 0.5}
  - {x: 0, y: 0.5}
  - {x: 0, y: 1}
  - {x: 0.42322224, y: 1}
  - {x: 0.42322224, y: 0.5}
  - {x: 0, y: 0}
  - {x: -0.9393333, y: 0}
  - {x: -0.9393333, y: 0.5}
  - {x: 0, y: 0.5}
  - {x: -0.9393333, y: 0.5}
  - {x: -0.9393333, y: 1}
  - {x: 0, y: 1}
  - {x: 0, y: 0.5}
  - {x: -0.9393333, y: 0}
  - {x: -1, y: 0}
  - {x: -1, y: 0.5}
  - {x: -0.9393333, y: 0.5}
  - {x: -1, y: 0.5}
  - {x: -1, y: 1}
  - {x: -0.9393333, y: 1}
  - {x: -0.9393333, y: 0.5}
  - {x: 0.9393315, y: 0}
  - {x: 0.9393315, y: 0.5}
  - {x: 0.99999815, y: 0.5}
  - {x: 0.99999815, y: 0}
  - {x: 0.9393315, y: 0.5}
  - {x: 0.9393315, y: 1}
  - {x: 0.99999815, y: 1}
  - {x: 0.99999815, y: 0.5}
  - {x: -0.0000018380795, y: 0}
  - {x: -0.0000018380795, y: 0.5}
  - {x: 0.9393315, y: 0.5}
  - {x: 0.9393315, y: 0}
  - {x: -0.0000018380795, y: 0.5}
  - {x: -0.0000018380795, y: 1}
  - {x: 0.9393315, y: 1}
  - {x: 0.9393315, y: 0.5}
  - {x: -0.0000000638247, y: -0.4232223}
  - {x: -0.0000000638247, y: 0.000000005646143}
  - {x: 0.9393333, y: 0.000000005646143}
  - {x: 0.9393333, y: -0.42322242}
  - {x: 0.9393333, y: -0.42322242}
  - {x: 0.9393333, y: 0.000000005646143}
  - {x: 1, y: 0.000000005646143}
  - {x: 1, y: -0.4232223}
  - {x: -0.9393333, y: -0.42322236}
  - {x: -0.9393333, y: 0.000000005646143}
  - {x: 0, y: 0}
  - {x: 0.0000000638247, y: -0.42322224}
  - {x: -1, y: -0.42322224}
  - {x: -1, y: 0}
  - {x: -0.9393333, y: 0.000000005646143}
  - {x: -0.9393333, y: -0.42322236}
  - {x: -0.42322224, y: 0}
  - {x: -0.5931111, y: 0}
  - {x: -0.5931111, y: 0.5}
  - {x: -0.42322224, y: 0.5}
  - {x: -0.5931111, y: 0}
  - {x: -1, y: 0}
  - {x: -1, y: 0.5}
  - {x: -0.5931111, y: 0.5}
  - {x: -0.42322224, y: 0.5}
  - {x: -0.5931111, y: 0.5}
  - {x: -0.5931111, y: 1}
  - {x: -0.42322224, y: 1}
  - {x: -0.5931111, y: 0.5}
  - {x: -1, y: 0.5}
  - {x: -1, y: 1}
  - {x: -0.5931111, y: 1}
  - {x: 0.42322224, y: 0}
  - {x: 0.42322224, y: 0.5}
  - {x: 0.5931111, y: 0.5}
  - {x: 0.5931111, y: 0}
  - {x: 0.5931111, y: 0.5}
  - {x: 1, y: 0.5}
  - {x: 1, y: 0}
  - {x: 0.5931111, y: 0}
  - {x: 0.42322224, y: 0.5}
  - {x: 0.42322224, y: 1}
  - {x: 0.5931111, y: 1}
  - {x: 0.5931111, y: 0.5}
  - {x: 0.5931111, y: 1}
  - {x: 1, y: 1}
  - {x: 1, y: 0.5}
  - {x: 0.5931111, y: 0.5}
  - {x: 0.9393333, y: -0.42322242}
  - {x: 0.9393333, y: -0.59311134}
  - {x: -0.0000000638247, y: -0.5931112}
  - {x: -0.0000000638247, y: -0.4232223}
  - {x: 0.9393333, y: -0.59311134}
  - {x: 0.9393333, y: -1.0000002}
  - {x: -0.0000000638247, y: -1.0000002}
  - {x: -0.0000000638247, y: -0.5931112}
  - {x: 1, y: -1.0000002}
  - {x: 0.9393333, y: -1.0000002}
  - {x: 0.9393333, y: -0.59311134}
  - {x: 1, y: -0.5931112}
  - {x: 0.9393333, y: -0.59311134}
  - {x: 0.9393333, y: -0.42322242}
  - {x: 1, y: -0.4232223}
  - {x: 1, y: -0.5931112}
  - {x: 0.0000000638247, y: -0.42322224}
  - {x: 0.0000000638247, y: -0.5931111}
  - {x: -0.9393333, y: -0.5931112}
  - {x: -0.9393333, y: -0.42322236}
  - {x: 0.0000000638247, y: -0.5931111}
  - {x: 0, y: -1}
  - {x: -0.9393333, y: -1.0000002}
  - {x: -0.9393333, y: -0.5931112}
  - {x: -1, y: -1}
  - {x: -1, y: -0.5931111}
  - {x: -0.9393333, y: -0.5931112}
  - {x: -0.9393333, y: -1.0000002}
  - {x: -1, y: -0.5931111}
  - {x: -1, y: -0.42322224}
  - {x: -0.9393333, y: -0.42322236}
  - {x: -0.9393333, y: -0.5931112}
  - {x: 0.99999905, y: 1}
  - {x: 0.93933237, y: 1}
  - {x: 0.93933177, y: 1468}
  - {x: 0.9999985, y: 1468}
  - {x: 0.93933177, y: 1468}
  - {x: 0.93933237, y: 2370}
  - {x: 0.99999905, y: 2370}
  - {x: 0.9999985, y: 1468}
  - {x: 0.93933284, y: 1}
  - {x: -0.00000017319344, y: 1}
  - {x: -0.0000001731934, y: 1468}
  - {x: 0.93933284, y: 1468}
  - {x: -0.0000003083842, y: 1468}
  - {x: -0.0000000638247, y: 2370}
  - {x: 0.9393333, y: 2370}
  - {x: 0.9393327, y: 1468}
  - {x: -0.5931111, y: 1}
  - {x: -1, y: 1}
  - {x: -1.0000001, y: 1468}
  - {x: -0.59311116, y: 1468}
  - {x: -1.0000001, y: 1468}
  - {x: -1.0000002, y: 2370}
  - {x: -0.5931112, y: 2370}
  - {x: -0.59311116, y: 1468}
  - {x: 0.59311116, y: 1468}
  - {x: 0.5931112, y: 2370}
  - {x: 1.0000002, y: 2370}
  - {x: 1.0000001, y: 1468}
  - {x: 0.5931111, y: 1}
  - {x: 0.42322224, y: 1}
  - {x: 0.42322224, y: 1468}
  - {x: 0.59311116, y: 1468}
  - {x: 0.42322224, y: 1468}
  - {x: 0.4232223, y: 2370}
  - {x: 0.5931112, y: 2370}
  - {x: 0.59311116, y: 1468}
  - {x: -0.59311116, y: 1468}
  - {x: -0.5931112, y: 2370}
  - {x: -0.4232223, y: 2370}
  - {x: -0.42322224, y: 1468}
  - {x: -0.9393333, y: 1}
  - {x: -1, y: 1}
  - {x: -0.99999946, y: 1468}
  - {x: -0.9393327, y: 1468}
  - {x: -0.99999946, y: 1468}
  - {x: -1, y: 2370}
  - {x: -0.9393333, y: 2370}
  - {x: -0.9393327, y: 1468}
  - {x: 0.42322224, y: 1}
  - {x: 0, y: 1}
  - {x: 0.0000000057480065, y: 1468}
  - {x: 0.42322224, y: 1468}
  - {x: 0.0000000057480065, y: 1468}
  - {x: -0.000000005646143, y: 2370}
  - {x: 0.4232223, y: 2370}
  - {x: 0.42322224, y: 1468}
  - {x: 0, y: 1}
  - {x: -0.9393333, y: 1}
  - {x: -0.9393327, y: 1468}
  - {x: 0.0000003083842, y: 1468}
  - {x: -0.9393327, y: 1468}
  - {x: -0.9393333, y: 2370}
  - {x: 0.0000000638247, y: 2370}
  - {x: 0.0000003083842, y: 1468}
  - {x: 0, y: 1}
  - {x: -0.42322224, y: 1}
  - {x: -0.42322224, y: 1468}
  - {x: -0.0000000057480065, y: 1468}
  - {x: -0.42322224, y: 1468}
  - {x: -0.4232223, y: 2370}
  - {x: 0.000000005646143, y: 2370}
  - {x: -0.0000000057480065, y: 1468}
  - {x: -1, y: 1}
  - {x: -1.0000001, y: 1468}
  - {x: -0.71017474, y: 1}
  - {x: -0.7101749, y: 1468}
  - {x: 0.0000003083842, y: -1.0000001}
  - {x: -0.9393327, y: -1.0000002}
  - {x: 0.0000003083842, y: -0.7101749}
  - {x: -0.9393327, y: -0.7101751}
  - {x: 1.0000002, y: 1468}
  - {x: 1.0000002, y: 1}
  - {x: 0.7101751, y: 1468}
  - {x: 0.7101751, y: 1}
  - {x: 0.9393333, y: -1.0000002}
  - {x: 0, y: -1}
  - {x: 0.9393327, y: -0.7101751}
  - {x: -0.0000003083842, y: -0.71017474}
  m_Textures2: []
  m_Textures3: []
  m_Tangents:
  - {x: 0, y: 0, z: 1, w: -1}
  - {x: 0, y: 0, z: 1, w: -1}
  - {x: 0, y: 0, z: 1, w: -1}
  - {x: 0, y: 0, z: 1, w: -1}
  - {x: 0, y: 0, z: 1, w: -1}
  - {x: 0, y: 0, z: 1, w: -1}
  - {x: 0, y: 0, z: 1, w: -1}
  - {x: 0, y: 0, z: 1, w: -1}
  - {x: -0.00000015080658, y: 0, z: -1, w: -1}
  - {x: -0.00000015080658, y: 0, z: -1, w: -1}
  - {x: -0.00000015080658, y: 0, z: -1, w: -1}
  - {x: -0.00000015080658, y: 0, z: -1, w: -1}
  - {x: -0.00000015080658, y: 0, z: -1, w: -1}
  - {x: -0.00000015080658, y: 0, z: -1, w: -1}
  - {x: -0.00000015080658, y: 0, z: -1, w: -1}
  - {x: -0.00000015080658, y: 0, z: -1, w: -1}
  - {x: -1, y: 0, z: -0.000000006010798, w: -1}
  - {x: -1, y: 0, z: -0.000000006010798, w: -1}
  - {x: -1, y: 0, z: -0.000000006010798, w: -1}
  - {x: -1, y: 0, z: -0.000000006010798, w: -1}
  - {x: -1, y: 0, z: -0.000000006010798, w: -1}
  - {x: -1, y: 0, z: -0.000000006010798, w: -1}
  - {x: -1, y: 0, z: -0.000000006010798, w: -1}
  - {x: -1, y: 0, z: -0.000000006010798, w: -1}
  - {x: -1, y: 0, z: 0.00000009306827, w: -1}
  - {x: -1, y: 0, z: 0.00000009306827, w: -1}
  - {x: -1, y: 0, z: 0.00000009306827, w: -1}
  - {x: -1, y: 0, z: 0.00000009306827, w: -1}
  - {x: -1, y: 0, z: 0.00000009306827, w: -1}
  - {x: -1, y: 0, z: 0.00000009306827, w: -1}
  - {x: -1, y: 0, z: 0.00000009306827, w: -1}
  - {x: -1, y: 0, z: 0.00000009306827, w: -1}
  - {x: 1, y: 0, z: 0.0000039299757, w: -1}
  - {x: 1, y: 0, z: 0.0000039299757, w: -1}
  - {x: 1, y: 0, z: 0.0000039299757, w: -1}
  - {x: 1, y: 0, z: 0.0000039299757, w: -1}
  - {x: 1, y: 0, z: 0.0000039299757, w: -1}
  - {x: 1, y: 0, z: 0.0000039299757, w: -1}
  - {x: 1, y: 0, z: 0.0000039299757, w: -1}
  - {x: 1, y: 0, z: 0.0000039299757, w: -1}
  - {x: 1, y: 0, z: -0.0000002538168, w: -1}
  - {x: 1, y: 0, z: -0.0000002538168, w: -1}
  - {x: 1, y: 0, z: -0.0000002538168, w: -1}
  - {x: 1, y: 0, z: -0.0000002538168, w: -1}
  - {x: 1, y: 0, z: -0.0000002538168, w: -1}
  - {x: 1, y: 0, z: -0.0000002538168, w: -1}
  - {x: 1, y: 0, z: -0.0000002538168, w: -1}
  - {x: 1, y: 0, z: -0.0000002538168, w: -1}
  - {x: 1, y: 0, z: 0, w: -1}
  - {x: 1, y: 0, z: 0, w: -1}
  - {x: 1, y: 0, z: 0, w: -1}
  - {x: 1, y: 0, z: 0, w: -1}
  - {x: 1, y: 0, z: 0, w: -1}
  - {x: 1, y: 0, z: 0, w: -1}
  - {x: 1, y: 0, z: 0, w: -1}
  - {x: 1, y: 0, z: 0, w: -1}
  - {x: -1, y: 0, z: 0, w: -1}
  - {x: -1, y: 0, z: 0, w: -1}
  - {x: -1, y: 0, z: 0, w: -1}
  - {x: -1, y: 0, z: 0, w: -1}
  - {x: -1, y: 0, z: 0, w: -1}
  - {x: -1, y: 0, z: 0, w: -1}
  - {x: -1, y: 0, z: 0, w: -1}
  - {x: -1, y: 0, z: 0, w: -1}
  - {x: 0, y: 0, z: 1, w: -1}
  - {x: 0, y: 0, z: 1, w: -1}
  - {x: 0, y: 0, z: 1, w: -1}
  - {x: 0, y: 0, z: 1, w: -1}
  - {x: 0, y: 0, z: 1, w: -1}
  - {x: 0, y: 0, z: 1, w: -1}
  - {x: 0, y: 0, z: 1, w: -1}
  - {x: 0, y: 0, z: 1, w: -1}
  - {x: 0, y: 0, z: 1, w: -1}
  - {x: 0, y: 0, z: 1, w: -1}
  - {x: 0, y: 0, z: 1, w: -1}
  - {x: 0, y: 0, z: 1, w: -1}
  - {x: 0, y: 0, z: 1, w: -1}
  - {x: 0, y: 0, z: 1, w: -1}
  - {x: 0, y: 0, z: 1, w: -1}
  - {x: 0, y: 0, z: 1, w: -1}
  - {x: 0, y: 0, z: -1, w: -1}
  - {x: 0, y: 0, z: -1, w: -1}
  - {x: 0, y: 0, z: -1, w: -1}
  - {x: 0, y: 0, z: -1, w: -1}
  - {x: 0.00000015686027, y: 0, z: -1, w: -1}
  - {x: 0.00000015686027, y: 0, z: -1, w: -1}
  - {x: 0.00000015686027, y: 0, z: -1, w: -1}
  - {x: 0.00000015686027, y: 0, z: -1, w: -1}
  - {x: 0, y: 0, z: -1, w: -1}
  - {x: 0, y: 0, z: -1, w: -1}
  - {x: 0, y: 0, z: -1, w: -1}
  - {x: 0, y: 0, z: -1, w: -1}
  - {x: 0.00000015686027, y: 0, z: -1, w: -1}
  - {x: 0.00000015686027, y: 0, z: -1, w: -1}
  - {x: 0.00000015686027, y: 0, z: -1, w: -1}
  - {x: 0.00000015686027, y: 0, z: -1, w: -1}
  - {x: 1, y: 0, z: 0, w: -1}
  - {x: 1, y: 0, z: 0, w: -1}
  - {x: 1, y: 0, z: 0, w: -1}
  - {x: 1, y: 0, z: 0, w: -1}
  - {x: 1, y: 0, z: 0, w: -1}
  - {x: 1, y: 0, z: 0, w: -1}
  - {x: 1, y: 0, z: 0, w: -1}
  - {x: 1, y: 0, z: 0, w: -1}
  - {x: 1, y: 0, z: 0, w: -1}
  - {x: 1, y: 0, z: 0, w: -1}
  - {x: 1, y: 0, z: 0, w: -1}
  - {x: 1, y: 0, z: 0, w: -1}
  - {x: 1, y: 0, z: 0, w: -1}
  - {x: 1, y: 0, z: 0, w: -1}
  - {x: 1, y: 0, z: 0, w: -1}
  - {x: 1, y: 0, z: 0, w: -1}
  - {x: -1, y: 0, z: 0, w: -1}
  - {x: -1, y: 0, z: 0, w: -1}
  - {x: -1, y: 0, z: 0, w: -1}
  - {x: -1, y: 0, z: 0, w: -1}
  - {x: -1, y: 0, z: 0, w: -1}
  - {x: -1, y: 0, z: 0, w: -1}
  - {x: -1, y: 0, z: 0, w: -1}
  - {x: -1, y: 0, z: 0, w: -1}
  - {x: -1, y: 0, z: 0, w: -1}
  - {x: -1, y: 0, z: 0, w: -1}
  - {x: -1, y: 0, z: 0, w: -1}
  - {x: -1, y: 0, z: 0, w: -1}
  - {x: -1, y: 0, z: 0, w: -1}
  - {x: -1, y: 0, z: 0, w: -1}
  - {x: -1, y: 0, z: 0, w: -1}
  - {x: -1, y: 0, z: 0, w: -1}
  - {x: 1, y: 0, z: 0.0000029474809, w: -1}
  - {x: 1, y: 0, z: 0.0000039299757, w: -1}
  - {x: 1, y: 0, z: 0.0000029474809, w: -1}
  - {x: 1, y: -1.8476358e-23, z: 0.0000019649858, w: -1}
  - {x: 1, y: -2.9523863e-28, z: 0.0000019649858, w: -1}
  - {x: 1, y: -7.5125614e-24, z: 0.0000009824929, w: -1}
  - {x: 1, y: 0, z: 0, w: -1}
  - {x: 1, y: -7.5125614e-24, z: 0.0000009824929, w: -1}
  - {x: 1, y: 0, z: -0.0000003807253, w: -1}
  - {x: 1, y: 0, z: -0.000000285544, w: -1}
  - {x: 1, y: 0, z: -0.00000019036266, w: -1}
  - {x: 1, y: 0, z: -0.000000285544, w: -1}
  - {x: 1, y: 0, z: -0.00000006345422, w: -1}
  - {x: 1, y: 0, z: 0, w: -1}
  - {x: 1, y: 0, z: -0.00000006345422, w: -1}
  - {x: 1, y: 0, z: -0.00000012690845, w: -1}
  - {x: 0, y: 0, z: 1, w: -1}
  - {x: 0, y: 0, z: 1, w: -1}
  - {x: 0, y: 0, z: 1, w: -1}
  - {x: 0, y: 0, z: 1, w: -1}
  - {x: 0, y: 0, z: 1, w: -1}
  - {x: 0, y: 0, z: 1, w: -1}
  - {x: 0, y: 0, z: 1, w: -1}
  - {x: 0, y: 0, z: 1, w: -1}
  - {x: 0, y: 0, z: -1, w: -1}
  - {x: 0, y: 0, z: -1, w: -1}
  - {x: 0, y: 0, z: -1, w: -1}
  - {x: 0, y: 0, z: -1, w: -1}
  - {x: 0, y: 0, z: -1, w: -1}
  - {x: 0, y: 0, z: -1, w: -1}
  - {x: 0, y: 0, z: -1, w: -1}
  - {x: 0, y: 0, z: -1, w: -1}
  - {x: 0, y: 0, z: -1, w: -1}
  - {x: 0, y: 0, z: -1, w: -1}
  - {x: 0, y: 0, z: -1, w: -1}
  - {x: 0, y: 0, z: -1, w: -1}
  - {x: 0, y: 0, z: 1, w: -1}
  - {x: 0, y: 0, z: 1, w: -1}
  - {x: 0, y: 0, z: 1, w: -1}
  - {x: 0, y: 0, z: 1, w: -1}
  - {x: -1, y: 0, z: 0.00000009306827, w: -1}
  - {x: -1, y: 0, z: 0.000000046534137, w: -1}
  - {x: -1, y: 0, z: 0, w: -1}
  - {x: -1, y: 0, z: 0.000000046534137, w: -1}
  - {x: -1, y: 0, z: 0, w: -1}
  - {x: -1, y: 0, z: 0, w: -1}
  - {x: -1, y: 0, z: 0, w: -1}
  - {x: -1, y: 0, z: 0, w: -1}
  - {x: -0.00000007540329, y: 0, z: -1, w: -1}
  - {x: -0.00000015080658, y: 0, z: -1, w: -1}
  - {x: -0.00000007540329, y: 0, z: -1, w: -1}
  - {x: 0, y: 0, z: -1, w: -1}
  - {x: 0, y: 0, z: -1, w: -1}
  - {x: 0, y: 0, z: -1, w: -1}
  - {x: 0, y: 0, z: -1, w: -1}
  - {x: 0, y: 0, z: -1, w: -1}
  - {x: -1, y: -1.2973151e-27, z: -0.0000000030053993, w: -1}
  - {x: -1, y: -3.449228e-27, z: -0.0000000060107985, w: -1}
  - {x: -1, y: -1.2973151e-27, z: -0.0000000030053993, w: -1}
  - {x: -1, y: 0, z: 0, w: -1}
  - {x: -1, y: 0, z: 0, w: -1}
  - {x: -1, y: 0, z: 0, w: -1}
  - {x: -1, y: 0, z: 0, w: -1}
  - {x: -1, y: 0, z: 0, w: -1}
  - {x: 0, y: 0, z: 1, w: -1}
  - {x: 0, y: 0, z: 1, w: -1}
  - {x: 0, y: 0, z: 1, w: -1}
  - {x: 0, y: 0, z: 1, w: -1}
  - {x: 0, y: 0, z: 1, w: -1}
  - {x: 0, y: 0, z: 1, w: -1}
  - {x: 0, y: 0, z: 1, w: -1}
  - {x: 0, y: 0, z: 1, w: -1}
  - {x: -0.0000010640349, y: 0, z: 1, w: -1}
  - {x: -0.00000053201745, y: 0, z: 1, w: -1}
  - {x: -0.00000053201745, y: 0, z: 1, w: -1}
  - {x: 0, y: 0, z: 1, w: -1}
  - {x: -1, y: 0, z: 0, w: -1}
  - {x: -1, y: 0, z: 0, w: -1}
  - {x: -1, y: 0, z: 0, w: -1}
  - {x: -1, y: 0, z: 0, w: -1}
  - {x: 0, y: 0, z: -1, w: -1}
  - {x: 0.0000010282863, y: 0, z: -1, w: -1}
  - {x: 0.0000010282863, y: 0, z: -1, w: -1}
  - {x: 0.0000020565726, y: 0, z: -1, w: -1}
  - {x: 1, y: 0, z: 0, w: -1}
  - {x: 1, y: 0, z: 0, w: -1}
  - {x: 1, y: 0, z: 0, w: -1}
  - {x: 1, y: 0, z: 0, w: -1}
  m_Colors: []
  m_UnwrapParameters:
    m_HardAngle: 88
    m_PackMargin: 20
    m_AngleError: 8
    m_AreaError: 15
  m_PreserveMeshAssetOnDestroy: 0
  assetGuid: 
  m_Mesh: {fileID: 0}
  m_IsSelectable: 1
  m_SelectedFaces: 
  m_SelectedEdges: []
  m_SelectedVertices: 
--- !u!23 &2338297222519931951
MeshRenderer:
  m_ObjectHideFlags: 0
  m_CorrespondingSourceObject: {fileID: 0}
  m_PrefabInstance: {fileID: 0}
  m_PrefabAsset: {fileID: 0}
  m_GameObject: {fileID: 2338297222519931944}
  m_Enabled: 1
  m_CastShadows: 1
  m_ReceiveShadows: 1
  m_DynamicOccludee: 1
  m_MotionVectors: 1
  m_LightProbeUsage: 1
  m_ReflectionProbeUsage: 1
  m_RayTracingMode: 2
  m_RayTraceProcedural: 0
  m_RenderingLayerMask: 1
  m_RendererPriority: 0
  m_Materials:
  - {fileID: 2100000, guid: 25d9187d972cf244d8abf332ec138b12, type: 2}
  m_StaticBatchInfo:
    firstSubMesh: 0
    subMeshCount: 0
  m_StaticBatchRoot: {fileID: 0}
  m_ProbeAnchor: {fileID: 0}
  m_LightProbeVolumeOverride: {fileID: 0}
  m_ScaleInLightmap: 1
  m_ReceiveGI: 1
  m_PreserveUVs: 0
  m_IgnoreNormalsForChartDetection: 0
  m_ImportantGI: 0
  m_StitchLightmapSeams: 1
  m_SelectedEditorRenderState: 2
  m_MinimumChartSize: 4
  m_AutoUVMaxDistance: 0.5
  m_AutoUVMaxAngle: 89
  m_LightmapParameters: {fileID: 0}
  m_SortingLayerID: 0
  m_SortingLayer: 0
  m_SortingOrder: 0
  m_AdditionalVertexStreams: {fileID: 0}
--- !u!33 &2338297222519931950
MeshFilter:
  m_ObjectHideFlags: 0
  m_CorrespondingSourceObject: {fileID: 0}
  m_PrefabInstance: {fileID: 0}
  m_PrefabAsset: {fileID: 0}
  m_GameObject: {fileID: 2338297222519931944}
  m_Mesh: {fileID: 0}
--- !u!65 &2338297222519931938
BoxCollider:
  m_ObjectHideFlags: 0
  m_CorrespondingSourceObject: {fileID: 0}
  m_PrefabInstance: {fileID: 0}
  m_PrefabAsset: {fileID: 0}
  m_GameObject: {fileID: 2338297222519931944}
  m_Material: {fileID: 0}
  m_IsTrigger: 0
  m_Enabled: 1
  serializedVersion: 2
  m_Size: {x: 1.0000006, y: 2370, z: 0.7}
  m_Center: {x: 0.49999997, y: 1185, z: -0.50000024}
--- !u!65 &2338297222519931945
BoxCollider:
  m_ObjectHideFlags: 0
  m_CorrespondingSourceObject: {fileID: 0}
  m_PrefabInstance: {fileID: 0}
  m_PrefabAsset: {fileID: 0}
  m_GameObject: {fileID: 2338297222519931944}
  m_Material: {fileID: 0}
  m_IsTrigger: 1
  m_Enabled: 1
  serializedVersion: 2
  m_Size: {x: 1.54, y: 2370, z: 1.25}
  m_Center: {x: 0.49999997, y: 1185, z: -0.50000024}
--- !u!114 &2338297222519931939
MonoBehaviour:
  m_ObjectHideFlags: 0
  m_CorrespondingSourceObject: {fileID: 0}
  m_PrefabInstance: {fileID: 0}
  m_PrefabAsset: {fileID: 0}
  m_GameObject: {fileID: 2338297222519931944}
  m_Enabled: 1
  m_EditorHideFlags: 0
  m_Script: {fileID: 11500000, guid: eaff387e24ca6d34db92348e3d6543f6, type: 3}
  m_Name: 
  m_EditorClassIdentifier: 
--- !u!114 &2338297222519931936
MonoBehaviour:
  m_ObjectHideFlags: 0
  m_CorrespondingSourceObject: {fileID: 0}
  m_PrefabInstance: {fileID: 0}
  m_PrefabAsset: {fileID: 0}
  m_GameObject: {fileID: 2338297222519931944}
  m_Enabled: 1
  m_EditorHideFlags: 0
  m_Script: {fileID: 11500000, guid: 8b9a305e18de0c04dbd257a21cd47087, type: 3}
  m_Name: 
  m_EditorClassIdentifier: 
  sharedProfile: {fileID: 11400000, guid: 4350dd1678a60774ba10edb9fb1787b9, type: 2}
  isGlobal: 1
  blendDistance: 0
  weight: 1
  priority: 0
